@misc{appdesigner,
    author = {MathWorks},
    title = {App Designer},
    year = {2023},
    note = {\newline\url{https://www.mathworks.com/products/matlab/app-designer.html}},
}
@article{Levinson,
    author = {Pham, Dinh Tuan and Le Breton, Alain},
    title = {Levinson-Durbin-type algorithms for continuous-time autoregressive models and applications},
    journal = {Mathematics of Control, Signals and Systems},
    year = {1991}
}
@book{Durbin,
    author = {Durbin, J.},
    title = {The Fitting of Time-Series Models},
    year = {1960}
}
